@book{citeKey1,
  title={{Form and style in thesis writing}},
  author={Campbell, W.G.},
  year={1954},
  publisher={Houghton Mifflin}
}

@article{citeKey2,
  title={{An analysis of the current state of English majors' BA thesis writing [J]}},
  author={Wenkang, S.},
  journal={Foreign Language World},
  volume={3},
  year={2004}
}

@misc{citeKey3,
  title={{Writing a gesture service with the Kinect for Windows SDK}},
  author={MCS UK Solution Development },
  url={http://blogs.msdn.com/b/mcsuksoldev/archive/2011/08/08/writing-a-gesture-service-with-the-kinect-for-windows-sdk.aspx},
  month={8},
  year={2011 }
}

@misc{citeKey4,
  title={{Pusher Documentation}},
  author={Pusher Ltd},
  url={http://pusher.com/docs}
}

@misc{citeKey5,
  title={{Coordinate Spaces}},
  author={Microsoft msdn},
  url={http://msdn.microsoft.com/en-us/library/hh973078.aspx}
}

@misc{citeKey6,
  title={{Coordinate Spaces}},
  author={Microsoft msdn},
  url={http://msdn.microsoft.com/en-us/library/hh973078.aspx}
}

@misc{citeKey7,
  title={{The Xbox Oneâ€™s creepy monitoring feature might track how often you sit through 
commercials}},
  author={B. Reed},
  year = {2013},
  month = {5},
  url={http://bgr.com/2013/05/28/xbox-one-kinect-sensor-rewards/}
}

@misc{citeKey8,
  title={{Microsoft's new Kinect is official: larger field of view, HD camera, wake with 
voice  HD}},
  author={T. O'Brien},
  year = {2013},
  month = {5},
  url={http://www.engadget.com/2013/05/21/microsofts-new-kinect-is-official/}
}

@misc{citeKey9,
  title={{Cracking Kinect: the Xbox One's new sensor could be a hardware hacker's dream
Will a higher-resolution camera lead to more inventive DIY creations?}},
  author={A. Webster},
  year = {2013},
  month = {5},
  url={http://www.theverge.com/2013/5/31/4383114/hacking-the-new-microsoft-kinect}
}

@book{citeKey10,
  title={{Programming with the Kinect for Windows Software Development Kit}},
  author={D. Catuhe},
  year={2012},
  publisher={Microsoft Press}
}

@misc{citeKey11,
  title={{Normal Vector}},
  author={Wolfram MathWorld}
}

@misc{citeKey12,
  title={{Rotation About an Arbitrary Axis in 3 Dimensions}},
  author={Glenn, M.},
  year={2013}
}